<?xml version="1.0" encoding="UTF-8" ?>
<collection xmlns:xsi="http://www.w3.org/2001/XMLSchema-instance"
    xsi:schemaLocation="http://www.loc.gov/MARC21/slim
        http://www.loc.gov/standards/marcxml/schema/MARC21slim.xsd"
    xmlns="http://www.loc.gov/MARC21/slim">
<record>
  <leader>00342cam a2200697 ia4500</leader>
  <controlfield tag="001">b12632454</controlfield>
  <controlfield tag="003">LeBAU</controlfield>
  <controlfield tag="005">20180115</controlfield>
  <controlfield tag="008">970904m19351971le afh   b    ||1 0 ara d</controlfield>
  <datafield tag="035" ind1=" " ind2=" ">
    <subfield code="a">ocn784434898</subfield>
  </datafield>
  <datafield tag="040" ind1=" " ind2=" ">
    <subfield code="a">LEAUB</subfield>
    <subfield code="b">ara</subfield>
    <subfield code="e">rda</subfield>
    <subfield code="c">LEAUB</subfield>
    <subfield code="d">LEAUB</subfield>
  </datafield>
  <datafield tag="041" ind1="0" ind2=" ">
    <subfield code="a">ara</subfield>
    <subfield code="b">eng</subfield>
  </datafield>
  <datafield tag="082" ind1="0" ind2="4">
    <subfield code="a">892.78</subfield>
    <subfield code="2">22</subfield>
  </datafield>
  <datafield tag="100" ind1="1" ind2=" ">
    <subfield code="6">880-01</subfield>
    <subfield code="a">Jabbūr, Jibrāʼīl Sulaymān,</subfield>
    <subfield code="e">author.</subfield>
  </datafield>
  <datafield tag="245" ind1="1" ind2="0">
    <subfield code="6">880-02</subfield>
    <subfield code="a">‘Umar ibn Abī Rabī‘ah :</subfield>
    <subfield code="b">wa-huwa dirāsah taḥlīlīyah fī thalāthat ajzā’ tabḥathu fī ‘aṣrihi wa-ḥayātihi wa-shi‘rihi /</subfield>
    <subfield code="c">bi-qalam Jibrā’īl Sulaymān Jabbūr, aḥad asātidhat al-Dā’irah al-‘Arabīyah fī Jāmi‘at Bayrūt al-Amīrikīyah.</subfield>
  </datafield>
  <datafield tag="246" ind1="1" ind2="5">
    <subfield code="a">Ḥubb ibn Abī Rabī‘ah wa-shi‘ruh</subfield>
    <subfield code="b">HIS AGE, LIFE, AND WORKS</subfield>
    <subfield code="i">Volume 3 has title:</subfield>
  </datafield>
  <datafield tag="246" ind1="1" ind2=" ">
    <subfield code="6">880-03</subfield>
    <subfield code="i">عنوان الجزء الثالث:</subfield>
    <subfield code="a">حب عمر إبن أبي ربيعة وشعره</subfield>
  </datafield>
  <datafield tag="264" ind1=" " ind2="1">
    <subfield code="6">880-04</subfield>
    <subfield code="a">Bayrūt :</subfield>
    <subfield code="b">al-Jāmi‘ah al-Amīrikīyah fī Bayrūt, Manshūrāt Kullīyat al-‘Ulūm wa-al-Ādāb,</subfield>
    <subfield code="c">1935-1971.</subfield>
  </datafield>
  <datafield tag="300" ind1=" " ind2=" ">
    <subfield code="6">880-05</subfield>
    <subfield code="a">3 volumes :</subfield>
    <subfield code="b">illustrations, facsimile ;</subfield>
    <subfield code="c">23 cm.</subfield>
  </datafield>
  <datafield tag="336" ind1=" " ind2=" ">
    <subfield code="a">text</subfield>
    <subfield code="b">txt</subfield>
    <subfield code="2">rdacontent</subfield>
  </datafield>
  <datafield tag="336" ind1=" " ind2=" ">
    <subfield code="a">still image</subfield>
    <subfield code="b">sti</subfield>
    <subfield code="2">rdacontent</subfield>
  </datafield>
  <datafield tag="337" ind1=" " ind2=" ">
    <subfield code="a">unmediated</subfield>
    <subfield code="b">n</subfield>
    <subfield code="2">rdamedia</subfield>
  </datafield>
  <datafield tag="338" ind1=" " ind2=" ">
    <subfield code="a">volume</subfield>
    <subfield code="b">nc</subfield>
    <subfield code="2">rdacarrier</subfield>
  </datafield>
  <datafield tag="490" ind1="1" ind2=" ">
    <subfield code="6">880-06</subfield>
    <subfield code="a">Manshūrāt Kullīyat al-‘Ulūm wa-al-Ādāb. Silsilat al-‘ulūm al-sharqīyah ;</subfield>
    <subfield code="v">al-ḥalaqah al-sābia‘h, al-ḥalaqah al-thālithah a‘sharah</subfield>
  </datafield>
  <datafield tag="500" ind1=" " ind2=" ">
    <subfield code="a">منشورات أساتذة الجامعة الاميركية في بيروت.</subfield>
  </datafield>
  <datafield tag="500" ind1=" " ind2=" ">
    <subfield code="a">الجزء الثالث: طبعة أولى، دار العلم للملايين، بيروت، 1971.</subfield>
  </datafield>
  <datafield tag="501" ind1=" " ind2=" ">
    <subfield code="a">تم تجليد الأجزاء 1-2 في مجلد واحد (نسختي مكتبة يافث)</subfield>
  </datafield>
  <datafield tag="504" ind1=" " ind2=" ">
    <subfield code="a">يتضمن مراجع ببليوغرافية وكشافات.</subfield>
  </datafield>
  <datafield tag="505" ind1="0" ind2="0">
    <subfield code="a">عمر إبن أبي ربيعة:</subfield>
    <subfield code="g">الجزء الأول.</subfield>
    <subfield code="t">عصر إبن أبي ربيعة --</subfield>
    <subfield code="g">الجزء الثاني.</subfield>
    <subfield code="t">حياة إبن أبي ربيعة.</subfield>
  </datafield>
  <datafield tag="546" ind1=" " ind2=" ">
    <subfield code="a">النص بالعربية؛ مع مقدمة بالإنجليزية.</subfield>
  </datafield>
  <datafield tag="588" ind1=" " ind2=" ">
    <subfield code="a">الوصف يستند الى الجزء الأول.</subfield>
  </datafield>
  <datafield tag="590" ind1=" " ind2=" ">
    <subfield code="a">الجزء الاول من نسخة مكتبة يافث الأولى يتضمن صفحات مصورة من 179-194.</subfield>
  </datafield>
  <datafield tag="600" ind1="0" ind2="4">
    <subfield code="a">عمر بن أبي ربيعة،</subfield>
    <subfield code="d">643 او 644-711 او 712</subfield>
    <subfield code="x">نقد وتأويل.</subfield>
  </datafield>
  <datafield tag="600" ind1="0" ind2="0">
    <subfield code="a">ʻUmar ibn Abī Rabīʻah,</subfield>
    <subfield code="d">643 or 644-711 or 712</subfield>
    <subfield code="x">Criticism and interpretation.</subfield>
  </datafield>
  <datafield tag="650" ind1=" " ind2="4">
    <subfield code="a">الشعر العربي</subfield>
    <subfield code="y">622-750</subfield>
    <subfield code="x">تاريخ ونقد.</subfield>
  </datafield>
  <datafield tag="650" ind1=" " ind2="4">
    <subfield code="a">الشعراء العرب</subfield>
    <subfield code="y">622-750</subfield>
    <subfield code="v">تراجم.</subfield>
  </datafield>
  <datafield tag="650" ind1=" " ind2="0">
    <subfield code="a">Arabic poetry</subfield>
    <subfield code="y">622-750</subfield>
    <subfield code="x">History and criticism.</subfield>
  </datafield>
  <datafield tag="650" ind1=" " ind2="0">
    <subfield code="a">Poets, Arab</subfield>
    <subfield code="y">622-750</subfield>
    <subfield code="v">Biography.</subfield>
  </datafield>
  <datafield tag="762" ind1="0" ind2=" ">
    <subfield code="6">880-07</subfield>
    <subfield code="a">Silsilat al-‘ulūm al-sharqīyah</subfield>
  </datafield>
  <datafield tag="830" ind1=" " ind2="0">
    <subfield code="6">880-08</subfield>
    <subfield code="a">Publication of the Faculty of Arts and Sciences.</subfield>
    <subfield code="p">Oriental series ;</subfield>
    <subfield code="v">7, 13.</subfield>
  </datafield>
  <datafield tag="852" ind1=" " ind2=" ">
    <subfield code="a">Jafet Library</subfield>
    <subfield code="e">American University of Beirut, Bliss Street , Beirut, Lebanon.</subfield>
  </datafield>
  <datafield tag="852" ind1=" " ind2=" ">
    <subfield code="a">Jafet Archives and Special Collections</subfield>
    <subfield code="e">American University of Beirut, Bliss Street , Beirut, Lebanon.</subfield>
  </datafield>
  <datafield tag="880" ind1="1" ind2=" ">
    <subfield code="6">100-01/(3/r</subfield>
    <subfield code="a">جبور، جبرائيل سليمان،</subfield>
    <subfield code="e">مؤلف. </subfield>
    <subfield code="4">aut.</subfield>
  </datafield>
  <datafield tag="880" ind1="1" ind2="0">
    <subfield code="6">245-02/(3/r</subfield>
    <subfield code="a">عمر إبن أبي ربيعة :</subfield>
    <subfield code="b">وهو دراسة تحليلية في ثلاثة أجزاء تبحث في عصره وحياته وشعره /</subfield>
    <subfield code="c">بقلم جبرائيل سليمان جبور، أحد أساتذة الدائرة العربية في جامعة بيروت الأميركية.</subfield>
  </datafield>
  <datafield tag="880" ind1="1" ind2=" ">
    <subfield code="6">246-03/(3/r</subfield>
    <subfield code="i">Volume 3 has title:</subfield>
    <subfield code="a">‘UMAR IBN ABĪ RABĪ‘AH :</subfield>
  </datafield>
  <datafield tag="880" ind1=" " ind2="1">
    <subfield code="6">264-04/(3/r</subfield>
    <subfield code="a">بيروت :</subfield>
    <subfield code="b">الجامعة الأميركية في بيروت، منشورات كلية العلوم والآداب،</subfield>
    <subfield code="c">1935-1971.</subfield>
  </datafield>
  <datafield tag="880" ind1=" " ind2=" ">
    <subfield code="6">300-05/(3/r</subfield>
    <subfield code="a">3 أجزاء :</subfield>
    <subfield code="b">مصورات، صورة طبق الأصل ؛</subfield>
    <subfield code="c">23 سم.</subfield>
  </datafield>
  <datafield tag="880" ind1="1" ind2=" ">
    <subfield code="6">490-06/(3/r</subfield>
    <subfield code="a">منشورات كلية العلوم والآداب. سلسلة العلوم الشرقية ؛</subfield>
    <subfield code="v">الحلقة السابعة، الحلقة الثالثة عشرة</subfield>
  </datafield>
  <datafield tag="880" ind1="0" ind2=" ">
    <subfield code="6">762-07/(3/r</subfield>
    <subfield code="a">سلسلة العلوم الشرقية</subfield>
  </datafield>
  <datafield tag="880" ind1=" " ind2="0">
    <subfield code="6">830-08/(3/r</subfield>
    <subfield code="a">منشورات كلية العلوم والآداب.</subfield>
    <subfield code="p">سلسلة العلوم الشرقية ؛</subfield>
    <subfield code="v">7، 13.</subfield>
  </datafield>
  <datafield tag="907" ind1=" " ind2=" ">
    <subfield code="a">.b12632454</subfield>
    <subfield code="b">18-01-17</subfield>
    <subfield code="c">11-05-24</subfield>
  </datafield>
  <datafield tag="907" ind1=" " ind2=" ">
    <subfield code="a">.b12632454</subfield>
    <subfield code="b">15-10-15</subfield>
    <subfield code="c">11-05-24</subfield>
  </datafield>
  <datafield tag="945" ind1=" " ind2=" ">
    <subfield code="f">CA:AUB</subfield>
    <subfield code="a">892.78:U48YjA:v.1:c.1</subfield>
    <subfield code="g">1</subfield>
    <subfield code="i">01068652</subfield>
    <subfield code="j">.i13156445</subfield>
    <subfield code="l">u0305</subfield>
  </datafield>
  <datafield tag="945" ind1=" " ind2=" ">
    <subfield code="f">CA:AUB</subfield>
    <subfield code="a">892.78:U48YjA:v.2:c.1</subfield>
    <subfield code="g">1</subfield>
    <subfield code="i">01068653</subfield>
    <subfield code="j">.i13156457</subfield>
    <subfield code="l">u0305</subfield>
  </datafield>
  <datafield tag="945" ind1=" " ind2=" ">
    <subfield code="f">CA:AUB</subfield>
    <subfield code="a">892.78:U48YjA:v.1:c.2</subfield>
    <subfield code="g">1</subfield>
    <subfield code="i">00336938</subfield>
    <subfield code="j">.i13156470</subfield>
    <subfield code="l">u0305</subfield>
  </datafield>
  <datafield tag="945" ind1=" " ind2=" ">
    <subfield code="f">CA:AUB</subfield>
    <subfield code="a">892.78:U48YjA:v.2:c.2</subfield>
    <subfield code="g">1</subfield>
    <subfield code="i">00336944</subfield>
    <subfield code="j">.i13156482</subfield>
    <subfield code="l">u0305</subfield>
  </datafield>
  <datafield tag="945" ind1=" " ind2=" ">
    <subfield code="f">J</subfield>
    <subfield code="a">892.78:U48YjA:v.1-2:c.1</subfield>
    <subfield code="g">1</subfield>
    <subfield code="i">00476088</subfield>
    <subfield code="j">.i13156433</subfield>
    <subfield code="l">u0503</subfield>
  </datafield>
  <datafield tag="945" ind1=" " ind2=" ">
    <subfield code="f">J</subfield>
    <subfield code="a">892.78:U48YjA:v.1-2:c.2</subfield>
    <subfield code="g">1</subfield>
    <subfield code="i">00293130</subfield>
    <subfield code="j">.i13156469</subfield>
    <subfield code="l">u0503</subfield>
  </datafield>
  <datafield tag="945" ind1=" " ind2=" ">
    <subfield code="f">J</subfield>
    <subfield code="a">892.78:U48YjA:v.3:c.1</subfield>
    <subfield code="g">1</subfield>
    <subfield code="i">01036252</subfield>
    <subfield code="j">.i1306292x</subfield>
    <subfield code="l">u0503</subfield>
  </datafield>
  <datafield tag="945" ind1=" " ind2=" ">
    <subfield code="f">J</subfield>
    <subfield code="a">892.78:U48YjA:v.3:c.2</subfield>
    <subfield code="g">1</subfield>
    <subfield code="i">01036253</subfield>
    <subfield code="j">.i13062931</subfield>
    <subfield code="l">u0503</subfield>
  </datafield>
  <datafield tag="998" ind1=" " ind2=" ">
    <subfield code="a">(4)u03</subfield>
    <subfield code="a">(2)u05</subfield>
    <subfield code="b">97-09-04</subfield>
    <subfield code="c">m</subfield>
    <subfield code="d">a</subfield>
    <subfield code="e">-</subfield>
    <subfield code="f">ara</subfield>
    <subfield code="g">le </subfield>
    <subfield code="h">0</subfield>
    <subfield code="i">6</subfield>
  </datafield>
</record>
</collection>
